@incollection {whitney1935history,
    AUTHOR = {Whitney, Hassler},
     TITLE = {Moscow 1935: topology moving toward {A}merica},
 BOOKTITLE = {A century of mathematics in {A}merica, {P}art {I}},
    SERIES = {Hist. Math.},
    VOLUME = {1},
     PAGES = {97--117},
 PUBLISHER = {Amer. Math. Soc., Providence, RI},
      YEAR = {1988},
   MRCLASS = {01A60 (54-03 55-03)},
  MRNUMBER = {1003166},
MRREVIEWER = {F. Burton Jones},
}